






























chrome-extension://efaidnbmnnnibpcajpcglclefindmkaj/https://energy.sandia.gov/wp-content/uploads/2017/10/LEE_Wilcox_SAND2017-11288.pdf

THESE ARE OLD______________________
@misc{lecturenotes,
    author = {L.L.M. Veldhuis},
    title = {Aircraft Aerodynamics, A Primer},
    howpublished = {Lecture slides of Course AE4130-22},
    month = {September}, 
    year = {2023},
    note = {TU Delft},
}


@article{refdata1,
    author = {M. Anyoji and D. Numata and H. Nagai and K. Asai},
    title = {Effects of Mach Number and Specific Heat Ratioon Low-Reynolds-Number Airfoil Flows},
    journal = {AIAA JOURNAL},
    volume = {53},
    number = {6},
    pages = {1640--1654},
    year = {2015},
    month = {June}, 
    url = {https://www.researchgate.net/publication/276481983_Effects_of_Mach_Number_and_Specific_Heat_Ratio_on_Low-Reynolds-Number_Airfoil_Flows},
    doi = {10.2514/1.J053468}               
}

@misc{refdata2,
    author = {W. H. Mason},
    title = {Curiosity Number 6. Adventures in Thin Airfoil Theory},
    month = {June},
    year = {2015},
    note = {University Virginia Tech},
    url ={https://archive.aoe.vt.edu/mason/Mason_f/C6ThinAirfoilTheory.pdf}
}

@mastersthesis{refdata3,
    author    = {M. Miller},
    title     = {},
    school    = {Carleton University},
    year      = {2016},
    address   = {Ottawa, Canada},     
    month     = {December },  
    note      = {Master thesis},
    DOI     ={10.13140/RG.2.2.20396.67201},
}


@article{cite5,
    author = {A. Hossain and M. Mashud and S. Sultana},
    title = {The Multi-Objective Design of Flatback Wind Turbine Airfoils},
    journal = {5th BSME International Conference on Thermal Engineering},
    volume = {5},
    year = {2012},
    month = {December}, 
    url = {https://www.researchgate.net/publication/290438319_Experimental_Study_on_Aerodynamic_Characteristics_of_Basic_Airfoils_at_Low_Reynolds_Number},
    doi = {10.13140/RG.2.1.2394.7282}               
}